<?xml version="1.0" encoding="UTF-8"?>
<collection xmlns="http://www.loc.gov/MARC21/slim">
 <record>
  <leader>01798Cam a2200421Ka 4500</leader>
  <controlfield tag="001">8354444</controlfield>
  <controlfield tag="005">20110325155900.0</controlfield>
  <controlfield tag="006">m        d        </controlfield>
  <controlfield tag="007">cr |||||||||||</controlfield>
  <controlfield tag="008">110325s2004    iluab   ob    000 0 eng c</controlfield>
  <datafield tag="020" ind1=" " ind2=" ">
   <subfield code="a">1885923341</subfield>
  </datafield>
  <datafield tag="020" ind1=" " ind2=" ">
   <subfield code="a">9781885923349</subfield>
  </datafield>
  <datafield tag="035" ind1=" " ind2=" ">
   <subfield code="a">(OCoLC)708665774</subfield>
  </datafield>
  <datafield tag="035" ind1=" " ind2=" ">
   <subfield code="a">8354444</subfield>
  </datafield>
  <datafield tag="040" ind1=" " ind2=" ">
   <subfield code="a">CGU</subfield>
   <subfield code="c">CGU</subfield>
  </datafield>
  <datafield tag="049" ind1=" " ind2=" ">
   <subfield code="a">CGUA</subfield>
  </datafield>
  <datafield tag="050" ind1=" " ind2="4">
   <subfield code="a">DS36.75</subfield>
   <subfield code="b">.C435 2004</subfield>
  </datafield>
  <datafield tag="245" ind1="0" ind2="0">
   <subfield code="a">Changing social identity with the spread of Islam</subfield>
   <subfield code="h">[electronic resource] :</subfield>
   <subfield code="b">archaeological perspectives /</subfield>
   <subfield code="c">edited by Donald Whitcomb ; with case studies by Jodi Magness ... [et al.].</subfield>
  </datafield>
  <datafield tag="260" ind1=" " ind2=" ">
   <subfield code="a">Chicago :</subfield>
   <subfield code="b">Oriental Institute of the University of Chicago,</subfield>
   <subfield code="c">2004.</subfield>
  </datafield>
  <datafield tag="300" ind1=" " ind2=" ">
   <subfield code="a">1 online resource (x, 101 p. :</subfield>
   <subfield code="b">ill., maps)</subfield>
  </datafield>
  <datafield tag="490" ind1="1" ind2=" ">
   <subfield code="a">Oriental Institute seminars ;</subfield>
   <subfield code="v">no. 1</subfield>
  </datafield>
  <datafield tag="504" ind1=" " ind2=" ">
   <subfield code="a">Includes bibliographical references.</subfield>
  </datafield>
  <datafield tag="650" ind1=" " ind2="0">
   <subfield code="a">Islamic antiquities</subfield>
   <subfield code="v">Congresses.</subfield>
  </datafield>
  <datafield tag="650" ind1="1" ind2="7">
   <subfield code="a">Islam.</subfield>
   <subfield code="2">gtt</subfield>
  </datafield>
  <datafield tag="650" ind1="1" ind2="7">
   <subfield code="a">Zending.</subfield>
   <subfield code="2">gtt</subfield>
  </datafield>
  <datafield tag="650" ind1="1" ind2="7">
   <subfield code="a">Sociale identiteit.</subfield>
   <subfield code="2">gtt</subfield>
  </datafield>
  <datafield tag="650" ind1="1" ind2="7">
   <subfield code="a">Archeologische aspecten.</subfield>
   <subfield code="2">gtt</subfield>
  </datafield>
  <datafield tag="648" ind1=" " ind2="7">
   <subfield code="a">Geschichte 650-900</subfield>
   <subfield code="2">swd</subfield>
  </datafield>
  <datafield tag="650" ind1="0" ind2="7">
   <subfield code="a">Islam</subfield>
   <subfield code="2">swd</subfield>
  </datafield>
  <datafield tag="650" ind1="0" ind2="7">
   <subfield code="a">Soziale Identität</subfield>
   <subfield code="2">swd</subfield>
  </datafield>
  <datafield tag="650" ind1="0" ind2="7">
   <subfield code="a">Archäologie</subfield>
   <subfield code="2">swd</subfield>
  </datafield>
  <datafield tag="650" ind1=" " ind2="7">
   <subfield code="a">Islamic antiquities.</subfield>
   <subfield code="2">fast</subfield>
   <subfield code="0">http://id.worldcat.org/fast/fst00979905</subfield>
  </datafield>
  <datafield tag="655" ind1=" " ind2="7">
   <subfield code="a">Conference papers and proceedings.</subfield>
   <subfield code="2">fast</subfield>
   <subfield code="0">http://id.worldcat.org/fast/fst01423772</subfield>
  </datafield>
  <datafield tag="700" ind1="1" ind2=" ">
   <subfield code="a">Whitcomb, Donald S.</subfield>
  </datafield>
  <datafield tag="776" ind1="0" ind2="8">
   <subfield code="i">Print version:</subfield>
   <subfield code="t">Changing social identity with the spread of Islam.</subfield>
   <subfield code="d">Chicago : The Oriental Institute of the University of Chicago, 2004</subfield>
   <subfield code="z">1885923341</subfield>
   <subfield code="w">(OCoLC)59130544</subfield>
   <subfield code="w">(ICU)5613370</subfield>
  </datafield>
  <datafield tag="830" ind1=" " ind2="0">
   <subfield code="a">University of Chicago Oriental Institute seminars ;</subfield>
   <subfield code="v">no. 1.</subfield>
  </datafield>
  <datafield tag="856" ind1="4" ind2="0">
   <subfield code="u">http://bibpurl.oclc.org/web/42203</subfield>
  </datafield>
  <datafield tag="928" ind1=" " ind2=" ">
   <subfield code="u">http://bibpurl.oclc.org/web/42203</subfield>
   <subfield code="c">FullText</subfield>
   <subfield code="l">Online</subfield>
   <subfield code="t">LCC</subfield>
   <subfield code="a">DS36.75.C435 2004</subfield>
  </datafield>
 </record>
</collection>
